@book{Bartoli,
   title =     {Playing Regex Golf with Genetic Programming},
   author =    {Alberto Bartoli and Eric Medvet and Andrea De Lorenzo and Fabiano Tarlao},
   year =      {2014},
}

@misc{Examples,
    title     = "Regex Golf Examples",
    url       = "https://alf.nu/RegexGolf"
}

@misc{Solutions,
    title     = "Regex Golf Solutions",
    url       = "https://gist.github.com/Davidebyzero/9221685"
}

@misc{Presidents,
    title     = "USA Election winners and losers",
    url       = "https://pastebin.com/EvycCQTB"
}

@misc{Movies,
    title     = "Star Wars and Star Trek titles",
    url       = "http://zegnat.github.io/xkcd1313/"
}

@misc{Regions,
    title     = "Regions of Italy vs. States of USA",
    url       = "https://codegolf.stackexchange.com/questions/17855/regex-golf-regions-of-italy-vs-states-of-usa"
}